@online{whodeclare20,
        title = {WHO Director-General's opening remarks at the media briefing on COVID-19},
        date = {2020-03-11},
        organization = {World Health Organization},
        author = {Dr Tedros Adhanom Ghebreyesus},
        url = {https://www.who.int/director-general/speeches/detail/who-director-general-s-opening-remarks-at-the-media-briefing-on-covid-19---11-march-2020},
 }

@misc{grigor20,
author = {Grigorian, Alexander},
year = {2020},
month = {06},
pages = {},
title = {Mathematical riddles of COVID-19},
url = {https://www.math.uni-bielefeld.de/~grigor/corv.pdf}
}

@book{epid08,
  title={Mathematical Epidemiology},
  author={Allen, L.J.S. and Brauer, F. and van den Driessche, P. and Bauch, C.T. and Wu, J. and Castillo-Chavez, C. and Earn, D. and Feng, Z. and Lewis, M.A. and Li, J. and others},
  isbn={9783540789109},
  lccn={2008923889},
  series={Lecture Notes in Mathematics},
  url={https://books.google.ie/books?id=gcP5l1a22rQC},
  year={2008},
  publisher={Springer Berlin Heidelberg}
}

@misc{agapiou2020modeling,
      title={Modeling of Covid-19 Pandemic in Cyprus}, 
      author={Sergios Agapiou and Andreas Anastasiou and Anastassia Baxevani and Tasos Christofides and Elisavet Constantinou and Georgios Hadjigeorgiou and Christos Nicolaides and Georgios Nikolopoulos and Konstantinos Fokianos},
      year={2020},
      eprint={2010.01927},
      archivePrefix={arXiv},
      primaryClass={stat.AP}
}%change points

@book{Goodfellow-et-al-2016,
    title={Deep Learning},
    author={Ian Goodfellow and Yoshua Bengio and Aaron Courville},
    publisher={MIT Press},
    note={\url{http://www.deeplearningbook.org}},
    year={2016}
}%Neural Networks

@book{Hyndman-et-al-2018,
    title={Forecasting: principles and practice, 2nd edition},
    author={Hyndman, R.J. & Athanasopoulos, G.},
    publisher={OTexts},
    note={\url{OTexts.com/fpp2}},
    year={2018}
}%Give date accessed 

@article{article,
author = {Keeling, Matt and Rohani, Pejman and Pourbohloul, Babak},
year = {2008},
month = {10},
pages = {864-865},
title = {Modeling Infectious Diseases in Humans and Animals},
volume = {47},
journal = {Clinical infectious diseases : an official publication of the Infectious Diseases Society of America},
doi = {10.1086/591197}
}


@article{Parshani_2010,
   title={Epidemic Threshold for the Susceptible-Infectious-Susceptible Model on Random Networks},
   volume={104},
   ISSN={1079-7114},
   url={http://dx.doi.org/10.1103/PhysRevLett.104.258701},
   DOI={10.1103/physrevlett.104.258701},
   number={25},
   journal={Physical Review Letters},
   publisher={American Physical Society (APS)},
   author={Parshani, Roni and Carmi, Shai and Havlin, Shlomo},
   year={2010},
   month={06}
}

@article{diffeqmodels14,
author = {Bichara, Derdei and Iggidr, Abderrahman and Sallet, Gauthier},
year = {2014},
month = {02},
pages = {273-292},
title = {Global analysis of multi-strains SIS, SIR and MSIR epidemic models},
volume = {44},
journal = {Journal of Applied Mathematics and Computing},
doi = {10.1007/s12190-013-0693-x}
}

@techreport{NBERw27128,
 title = {Estimating and Simulating a SIRD Model of COVID-19 for Many Countries, States, and Cities},
 author = {Fernández-Villaverde, Jesús and Jones, Charles I},
 institution = {National Bureau of Economic Research},
 type = {Working Paper},
 series = {Working Paper Series},
 number = {27128},
 year = {2020},
 month = {05},
 doi = {10.3386/w27128},
 URL = {http://www.nber.org/papers/w27128}
}

@article{Harko_2014,
   title={Exact analytical solutions of the Susceptible-Infected-Recovered (SIR) epidemic model and of the SIR model with equal death and birth rates},
   volume={236},
   ISSN={0096-3003},
   url={http://dx.doi.org/10.1016/j.amc.2014.03.030},
   DOI={10.1016/j.amc.2014.03.030},
   journal={Applied Mathematics and Computation},
   publisher={Elsevier BV},
   author={Harko, Tiberiu and Lobo, Francisco S.N. and Mak, M.K.},
   year={2014},
   month={06},
   pages={184–194}
}

@article{Anderson1991,
title={Discussion: The Kermack-McKendrick epidemic threshold theorem},
author={Anderson, Roy M.},
date={1991-03-01},
journal={Bulletin of Mathematical Biology},
volume={53},
ISSN={522-9602},
url={https://doi.org/10.1007/BF02464422},
DOI={10.1007/BF02464422}
}

@misc{sir-intro-2020,
    title={A simple introduction to epidemiological
modelling—the SIR model}, 
    author={Alexander Bird},
    year={2020},
    note={\url{https://philosophyandmedicine.org/wp-content/uploads/2020/04/Introduction-to-epidemiological-modelling.pdf}}
}

@article{AGARWAL20021,
title = {Dynamic equations on time scales: a survey},
journal = {Journal of Computational and Applied Mathematics},
volume = {141},
number = {1},
pages = {1 - 26},
year = {2002},
note = {Dynamic Equations on Time Scales},
issn = {0377-0427},
doi = {https://doi.org/10.1016/S0377-0427(01)00432-0},
url = {http://www.sciencedirect.com/science/article/pii/S0377042701004320},
author = {Ravi Agarwal and Martin Bohner and Donal O'Regan and Allan Peterson},
keywords = {Time scales, Dynamic equations, Measure chains}
}