@online{whodeclare20,
        title = {WHO Director-General's opening remarks at the media briefing on COVID-19},
        date = {2020-03-11},
        organization = {World Health Organization},
        author = {Dr Tedros Adhanom Ghebreyesus},
        url = {}
 }

@misc{grigor20,
author = {Grigorian, Alexander},
year = {2020},
month = {06},
pages = {},
title = {Mathematical riddles of COVID-19},
url = {https://www.math.uni-bielefeld.de/~grigor/corv.pdf}
}

@book{Hyndman-et-al-2018,
    title={Forecasting: principles and practice, 2nd edition},
    author={ R.J. Hyndman and G. Athanasopoulos},
    publisher={OTexts},
    note={\url{OTexts.com/fpp2}},
    year={2018}
}